%% This BibTeX bibliography file was created using BibDesk.
%% http://bibdesk.sourceforge.net/


%% Created for Sten Feldman at 2013-02-24 14:33:42 +0200 


%% Saved with string encoding Unicode (UTF-8) 



@url{rdoc,
	Date-Added = {2013-02-24 12:23:30 +0000},
	Date-Modified = {2013-02-24 12:33:42 +0000},
	Month = {February},
	Title = {RDoc - Documentation from Ruby Source Files},
	Url = {http://rdoc.sourceforge.net},
	Urldate = {2013-02-24},
	Year = {2013}}

@book{faludi2010building,
	Author = {Faludi, R.},
	Date-Added = {2013-02-23 21:27:12 +0000},
	Date-Modified = {2013-02-23 21:27:12 +0000},
	Isbn = {9781449302740},
	Publisher = {O'Reilly Media},
	Title = {Building Wireless Sensor Networks: with ZigBee, XBee, Arduino, and Processing},
	Url = {http://books.google.ee/books?id=xMC69vQJLZIC},
	Year = {2010},
	Bdsk-Url-1 = {http://books.google.ee/books?id=xMC69vQJLZIC}}
